[gd_scene load_steps=31 format=2]

[ext_resource path="res://scripts/player/player.gd" type="Script" id=1]
[ext_resource path="res://images/santa/0.png" type="Texture" id=2]
[ext_resource path="res://images/santa/12.png" type="Texture" id=3]
[ext_resource path="res://images/santa/13.png" type="Texture" id=4]
[ext_resource path="res://images/santa/14.png" type="Texture" id=5]
[ext_resource path="res://images/santa/15.png" type="Texture" id=6]
[ext_resource path="res://images/santa/1.png" type="Texture" id=7]
[ext_resource path="res://images/santa/10.png" type="Texture" id=8]
[ext_resource path="res://images/santa/9.png" type="Texture" id=9]
[ext_resource path="res://images/santa/8.png" type="Texture" id=10]
[ext_resource path="res://images/santa/2.png" type="Texture" id=11]
[ext_resource path="res://images/santa/5.png" type="Texture" id=12]
[ext_resource path="res://images/santa/6.png" type="Texture" id=13]
[ext_resource path="res://images/santa/7.png" type="Texture" id=14]
[ext_resource path="res://images/santa/3.png" type="Texture" id=15]
[ext_resource path="res://images/santa/4.png" type="Texture" id=16]
[ext_resource path="res://images/santa/11.png" type="Texture" id=17]
[ext_resource path="res://scripts/player/states.gd" type="Script" id=18]
[ext_resource path="res://scripts/player/moving.gd" type="Script" id=19]
[ext_resource path="res://scripts/player/falling.gd" type="Script" id=20]
[ext_resource path="res://scripts/player/tumble.gd" type="Script" id=21]
[ext_resource path="res://scripts/player/rolling.gd" type="Script" id=22]
[ext_resource path="res://scripts/player/rolling_up.gd" type="Script" id=23]
[ext_resource path="res://scripts/player/jumping.gd" type="Script" id=24]
[ext_resource path="res://scripts/player/fallen.gd" type="Script" id=25]
[ext_resource path="res://scripts/player/get_up.gd" type="Script" id=26]
[ext_resource path="res://scripts/player/climbing.gd" type="Script" id=27]
[ext_resource path="res://scripts/player/final.gd" type="Script" id=28]

[sub_resource type="SpriteFrames" id=1]
animations = [ {
"frames": [ ExtResource( 2 ) ],
"loop": true,
"name": "idle",
"speed": 5.0
}, {
"frames": [ ExtResource( 3 ), ExtResource( 4 ), ExtResource( 3 ), ExtResource( 5 ), ExtResource( 6 ), ExtResource( 5 ) ],
"loop": true,
"name": "moving",
"speed": 5.0
}, {
"frames": [ ExtResource( 7 ) ],
"loop": true,
"name": "jumping",
"speed": 5.0
}, {
"frames": [ ExtResource( 8 ), ExtResource( 9 ), ExtResource( 10 ), ExtResource( 11 ) ],
"loop": true,
"name": "reverse rolling",
"speed": 10.0
}, {
"frames": [ ExtResource( 12 ), ExtResource( 13 ), ExtResource( 14 ) ],
"loop": false,
"name": "get up",
"speed": 5.5
}, {
"frames": [ ExtResource( 10 ), ExtResource( 9 ), ExtResource( 8 ), ExtResource( 11 ) ],
"loop": true,
"name": "rolling",
"speed": 10.0
}, {
"frames": [ ExtResource( 8 ) ],
"loop": true,
"name": "reverse falling",
"speed": 5.0
}, {
"frames": [ ExtResource( 10 ) ],
"loop": true,
"name": "sliding",
"speed": 5.0
}, {
"frames": [ ExtResource( 15 ), ExtResource( 16 ) ],
"loop": false,
"name": "fallen",
"speed": 7.5
}, {
"frames": [ ExtResource( 8 ), ExtResource( 17 ) ],
"loop": false,
"name": "reverse fallen",
"speed": 7.5
}, {
"frames": [ ExtResource( 11 ) ],
"loop": true,
"name": "falling",
"speed": 5.0
} ]

[sub_resource type="CapsuleShape2D" id=2]
radius = 6.5
height = 4.0

[node name="Player" type="KinematicBody2D"]
script = ExtResource( 1 )
min_dizziness = 1.5
max_dizziness = 5.0
dizziness_increment_divisor = 1000.0
dizziness_decrement = 0.025

[node name="AnimatedSprite" type="AnimatedSprite" parent="."]
frames = SubResource( 1 )
animation = "idle"

[node name="Camera2D" type="Camera2D" parent="."]
current = true
drag_margin_h_enabled = false
drag_margin_v_enabled = false

[node name="CollisionShape2D" type="CollisionShape2D" parent="."]
position = Vector2( 0.5, 2.5 )
shape = SubResource( 2 )

[node name="States" type="Node" parent="."]
script = ExtResource( 18 )

[node name="Moving" type="Node" parent="States"]
script = ExtResource( 19 )
strength = 1.25
reverse_side_strength = 2.5
alcohol_influence = 1.25
max_velocity = 125.0
balance_threshold = 50.0
friction = 5.0

[node name="Falling" type="Node" parent="States"]
script = ExtResource( 20 )
fall_acceleration = 3.25
max_fall_velocity = 300.0

[node name="Tumble" type="Node" parent="States"]
script = ExtResource( 21 )
tumble_acceleration = 2.0

[node name="Rolling" type="Node" parent="States"]
script = ExtResource( 22 )
friction = 1.0

[node name="RollingUp" type="Node" parent="States"]
script = ExtResource( 23 )
friction = 3.0

[node name="Jumping" type="Node" parent="States"]
script = ExtResource( 24 )
rise_speed = 100.0
rise_deceleration = 3.25
max_hold = 15.0
min_impact_speed = 10.0

[node name="Fallen" type="Node" parent="States"]
script = ExtResource( 25 )
friction = 5.0
min_recovery_speed = 2.0
delay = 20.0

[node name="GetUp" type="Node" parent="States"]
script = ExtResource( 26 )
delay = 30.0

[node name="Climbing" type="Node" parent="States"]
script = ExtResource( 27 )
friction = 1.0

[node name="Final" type="Node" parent="States"]
script = ExtResource( 28 )
